<?xml version="1.0"?>
<record xmlns="http://www.loc.gov/MARC21/slim">
  <leader>03608cam a2200589 a 4500</leader>
  <controlfield tag="001">plandinterventio03albe</controlfield>
  <controlfield tag="003">CaSfIA</controlfield>
  <controlfield tag="005">20151008010651.0</controlfield>
  <controlfield tag="006">m        d s      </controlfield>
  <controlfield tag="006">a          s000 0 </controlfield>
  <controlfield tag="007">cr||||||||||||</controlfield>
  <controlfield tag="008">070706s2007    abc      b   s000 0 fre  </controlfield>
  <datafield tag="016" ind1=" " ind2=" ">
    <subfield code="a">20078025435</subfield>
  </datafield>
  <datafield tag="020" ind1=" " ind2=" ">
    <subfield code="a">9780778561583</subfield>
  </datafield>
  <datafield tag="020" ind1=" " ind2=" ">
    <subfield code="a">0778561585</subfield>
  </datafield>
  <datafield tag="035" ind1=" " ind2=" ">
    <subfield code="a">ocn165869491</subfield>
  </datafield>
  <datafield tag="040" ind1=" " ind2=" ">
    <subfield code="a">NLC</subfield>
    <subfield code="b">fre</subfield>
    <subfield code="c">NLC</subfield>
    <subfield code="d">AEUSJ</subfield>
    <subfield code="d">CaSfIA</subfield>
  </datafield>
  <datafield tag="043" ind1=" " ind2=" ">
    <subfield code="a">n-cn-ab</subfield>
  </datafield>
  <datafield tag="049" ind1=" " ind2=" ">
    <subfield code="a">UABA</subfield>
  </datafield>
  <datafield tag="050" ind1=" " ind2="4">
    <subfield code="a">LC3984.2.A3</subfield>
    <subfield code="b">P59 2007</subfield>
  </datafield>
  <datafield tag="055" ind1="0" ind2="6">
    <subfield code="a">COP.AL.2.2007-149</subfield>
  </datafield>
  <datafield tag="082" ind1="1" ind2=" ">
    <subfield code="a">371.9</subfield>
    <subfield code="2">14</subfield>
  </datafield>
  <datafield tag="090" ind1=" " ind2=" ">
    <subfield code="a">LC 3984.2 A3 P59 2007</subfield>
    <subfield code="b">AEUSJ</subfield>
  </datafield>
  <datafield tag="245" ind1="0" ind2="0">
    <subfield code="a">Plan d'intervention personnalis&#xE9; :</subfield>
    <subfield code="h">[electronic resource] </subfield>
    <subfield code="b">maternelle - 12e ann&#xE9;e.</subfield>
  </datafield>
  <datafield tag="260" ind1=" " ind2=" ">
    <subfield code="a">Edmonton :</subfield>
    <subfield code="b">Alberta Education,</subfield>
    <subfield code="c">c2007.</subfield>
  </datafield>
  <datafield tag="300" ind1=" " ind2=" ">
    <subfield code="a">12 v. ;</subfield>
    <subfield code="c">28 cm.</subfield>
  </datafield>
  <datafield tag="336" ind1=" " ind2=" ">
    <subfield code="a">text</subfield>
    <subfield code="b">txt</subfield>
    <subfield code="2">rdacontent</subfield>
  </datafield>
  <datafield tag="337" ind1=" " ind2=" ">
    <subfield code="a">computer</subfield>
    <subfield code="b">c</subfield>
    <subfield code="2">rdamedia</subfield>
  </datafield>
  <datafield tag="338" ind1=" " ind2=" ">
    <subfield code="a">volume</subfield>
    <subfield code="b">nc</subfield>
    <subfield code="2">rdacarrier</subfield>
  </datafield>
  <datafield tag="490" ind1="1" ind2=" ">
    <subfield code="a">&#xC9;labor&#xE9; pour les &#xE9;l&#xE8;ves ayant des besoins sp&#xE9;ciaux</subfield>
  </datafield>
  <datafield tag="500" ind1=" " ind2=" ">
    <subfield code="a">Les 12 fascicules et le mat&#xE9;riel d'acc. sont r&#xE9;unis dans un classeur &#xE0; anneaux.</subfield>
  </datafield>
  <datafield tag="500" ind1=" " ind2=" ">
    <subfield code="a">"... constitue une r&#xE9;vision de la ressource p&#xE9;dagogique intitul&#xE9;e: Le Plan d'intervention personnalis&#xE9; (Alberta Education, 1998), livre 3 de la s&#xE9;rie &#xC9;labor&#xE9; pour les &#xE9;l&#xE8;ves ayant des besoins sp&#xE9;ciaux"--Introd.</subfield>
  </datafield>
  <datafield tag="500" ind1=" " ind2=" ">
    <subfield code="a">Publ. aussi en anglais sous le titre: Individualized program planning, ECS to grade 12.</subfield>
  </datafield>
  <datafield tag="500" ind1=" " ind2=" ">
    <subfield code="a">Acc. par: 1 introduction, 1 questionnaire, 1 c&#xE9;d&#xE9;rom.</subfield>
  </datafield>
  <datafield tag="504" ind1=" " ind2=" ">
    <subfield code="a">Comprend des r&#xE9;f. bibliogr.</subfield>
  </datafield>
  <datafield tag="505" ind1="0" ind2=" ">
    <subfield code="a">[v.] 1. Pour d&#xE9;marrer, travailler le processus d'&#xE9;laboration du PIP -- [v.] 2. Former une &#xE9;quipe d'apprentissage, encourager la participation des parents -- [v.] 3. Former une &#xE9;quipe d'apprentissage, appuyer la participation de l'&#xE9;l&#xE8;ve -- [v.] 4. Former une &#xE9;quipe d'apprentissage, cr&#xE9;er un r&#xE9;seau de soutien -- [v.] 5. D&#xE9;terminer les besoins de l'&#xE9;l&#xE8;ve, utiliser les &#xE9;valuations en classe pour appuyer le processus d'&#xE9;laboration du PIP.</subfield>
  </datafield>
  <datafield tag="505" ind1="0" ind2=" ">
    <subfield code="a">[v.] 5. D&#xE9;terminer les besoins de l'&#xE9;l&#xE8;ve, utiliser les &#xE9;valuations en classe pour appuyer le processus d'&#xE9;laboration du PIP -- [v.] 6. D&#xE9;terminer les besoins de l'&#xE9;l&#xE8;ve, identifier les adaptations et les strat&#xE9;gies -- [v.] 7 D&#xE9;terminer les besoins de l'&#xE9;l&#xE8;ve, rendre les buts significatifs, mesurables et g&#xE9;rables -- [v.] 8. Un pas vers l'avenir, planifier les transitions -- [v.] 9. Un pas vers l'avenir, int&#xE9;grer une technologie d'aide pour l'apprentissage dans le processus d'&#xE9;laboration du PIP -- [v.] 10. &#xC9;laborer de nouvelles solutions, partir du bon pied au pr&#xE9;scolaire -- [v.] 11. &#xC9;laborer de nouvelles solutions, planifier la programmation pour l'&#xE9;l&#xE8;ve dou&#xE9; -- [v.] 12. &#xC9;laborer de nouvelles solutions, pratiques prometteuses pour l'&#xE9;cole secondaire.</subfield>
  </datafield>
  <datafield tag="530" ind1=" " ind2=" ">
    <subfield code="a">&#xC9;galement disponible sur l'Internet.</subfield>
  </datafield>
  <datafield tag="550" ind1=" " ind2=" ">
    <subfield code="a">Publ. par: Direction de l'&#xE9;ducation fran&#xE7;aise.</subfield>
  </datafield>
  <datafield tag="590" ind1=" " ind2=" ">
    <subfield code="a">Approved for use in Alberta schools.</subfield>
  </datafield>
  <datafield tag="596" ind1=" " ind2=" ">
    <subfield code="a">39</subfield>
  </datafield>
  <datafield tag="650" ind1=" " ind2="6">
    <subfield code="a">&#xC9;ducation sp&#xE9;ciale</subfield>
    <subfield code="z">Alberta.</subfield>
  </datafield>
  <datafield tag="650" ind1=" " ind2="6">
    <subfield code="a">Programmes &#xE9;ducatifs individualis&#xE9;s</subfield>
    <subfield code="z">Alberta.</subfield>
  </datafield>
  <datafield tag="650" ind1=" " ind2="6">
    <subfield code="a">Enseignement individualis&#xE9;</subfield>
    <subfield code="z">Alberta.</subfield>
  </datafield>
  <datafield tag="710" ind1="1" ind2=" ">
    <subfield code="a">Alberta.</subfield>
    <subfield code="b">Alberta Education.</subfield>
  </datafield>
  <datafield tag="710" ind1="1" ind2=" ">
    <subfield code="a">Alberta.</subfield>
    <subfield code="b">Direction de l'&#xE9;ducation fran&#xE7;aise.</subfield>
  </datafield>
  <datafield tag="830" ind1=" " ind2="0">
    <subfield code="a">&#xC9;labor&#xE9; pour les &#xE9;l&#xE8;ves ayant des besoins sp&#xE9;ciaux.</subfield>
  </datafield>
  <datafield tag="856" ind1="4" ind2="1">
    <subfield code="3">University of Alberta Access</subfield>
    <subfield code="u">http://www.education.gov.ab.ca/french/adt%5Fscol/ressources.asp</subfield>
  </datafield>
  <datafield tag="856" ind1="4" ind2="1">
    <subfield code="u">http://archive.org/details/plandinterventio03albe</subfield>
    <subfield code="z">Free eBook from the Internet Archive</subfield>
    <subfield code="3">Volume 3</subfield>
  </datafield>
  <datafield tag="856" ind1="4" ind2="2">
    <subfield code="u">http://www.openlibrary.org/books/OL25666173M</subfield>
    <subfield code="z">Additional information and access via Open Library</subfield>
    <subfield code="3">Volume 3</subfield>
  </datafield>
</record>
